@book{Dhanjani2009,
	added-at = {2014-02-25T19:18:27.000+0100},
	address = {Sebastopol, California},
	author = {Dhanjani, Nitesh and Rios, Billy and Hardin, Brett},
	biburl = {http://www.bibsonomy.org/bibtex/25dd96616fe4b9a35f5954572221c9535/tempest},
	ee = {http://www.oreilly.de/catalog/9780596154578/index.html},
	interhash = {6d83fff185b97371be029a892ff0d33a},
	intrahash = {5dd96616fe4b9a35f5954572221c9535},
	isbn = {978-0-596-15457-8},
	keywords = {dblp},
	pages = {I-XIII, 1-279},
	publisher = {O'Reilly Media, Inc.},
	timestamp = {2014-02-25T19:18:27.000+0100},
	title = {Hacking - the next generation: bringing the attack to your network.},
	year = 2009
}

@online{social-engineer,
	author = {Social-Engineer.Org},
	title = {45 More of the Best Data Quotes},
	month = oct,
	year = {2014},
	url = {http://www.social-engineer.org/how-tos/change-education-working/}
}

@online{spinnakr-blog,
	author = {Jones, Blaire},
	title = {45 More of the Best Data Quotes},
	month = apr,
	year = {2015},
	url = {http://spinnakr.com/blog/data-2/2013/03/44-more-of-the-best-data-quotes/}
}

@book{the-art-of-deception,
	author = {Mitnick, Kevin D. and Simon, William L.},
	title = {The Art of Deception: Controlling the Human Element of Security},
	year = {2003},
	isbn = {076454280X},
	publisher = {John Wiley \& Sons, Inc.},
	address = {New York, NY, USA},
} 

@book{liars-and-outliers,
	title = {Die Kunst des Vertrauens = Liars and outliers},
	author = {Schneier, Bruce},
	address = {Heidelberg},
	publisher = {mitp},
	year = {2012},
	edition = {Dt. Ausg., 1. Aufl.},
	isbn = {978-3-8266-9216-1; 3-8266-9216-0},
	size = {461 S. : graph. Darst. ; 21 cm},
	keywords = {Vertrauen / Sicherheit / Soziologie},
	bestand = {Sächsische Landesbibliothek - Staats- und Universitätsbibliothek <14>;
	Württembergische Landesbibliothek <24> [Signatur: 62/14018];
	Karlsruher Institut für Technologie (KIT) - KIT-Bibliothek <90> [Signatur: 2012 A 6201];
	Badische Landesbibliothek <31> [Signatur: 112 A 11735];
	Hochschulbibliothek Reutlingen <Rt 2> [Signatur: Ps 9-300-100];
	Berufsakademie Sachsen, Staatliche Studienakademie Dresden <D 161>;
	},
	URL = {http://d-nb.info/1023999862/04},
}

@book{hacking-the-human,
	title = {Hacking the human : social engineering techniques and security countermeasures},
	author = {Mann, Ian},
	address = {Aldershot},
	publisher = {Gower},
	year = {2008},
	isbn = {0-566-08773-1; 978-0-566-08773-8},
	size = {vii, 254 S. : graph. Darst. ; 25cm},
	keywords = { ; Social engineering / Social systems},
	bestand = {Karlsruher Institut für Technologie (KIT) - KIT-Bibliothek <90> [Signatur: 2010 E 225];
	Duale Hochschule Baden-Württemberg Mosbach <941> [Signatur: INC 9051];
	},
	URL = {http://digitool.hbz-nrw.de:1801/webclient/DeliveryManager?pid=2663685&custom_att_2=simple_viewer},
}

@book{risikomanagement,
	title = {Wenn sich der Löwe mit dem Lamm zum Schlafen legt : was Entscheider über Risikomanagement wissen müssen},
	author = {Borge, Dan},
	address = {Weinheim},
	publisher = {Wiley-VCH},
	year = {2002},
	edition = {1. Aufl.},
	isbn = {3-527-50028-6},
	size = {XI, 171 S.},
	keywords = {Unternehmen / Risikomanagement},
	bestand = {Universitätsbibliothek Heidelberg <16> [Signatur: 2003 A 4265];
	Karlsruher Institut für Technologie (KIT) - KIT-Bibliothek <90> [Signatur: 2002 A 5633];
	Universitätsbibliothek Stuttgart <93> [Signatur: 5J 2299];
	Badische Landesbibliothek <31> [Signatur: 103 A 901];
	Hochschulbibliothek Heilbronn <840> [Signatur: 650.2 BOR];
	Hochschule für Technik, Wirtschaft und Kultur Leipzig <L 189>;
	Hochschulbibliothek Konstanz - <Kon 4> [Signatur: wck9/137];
	Hochschule Mannheim, Hochschulbibliothek <953> [Signatur: QP 300 154];
	Duale Hochschule Baden-Württemberg Mannheim <Mh 35> [Signatur: BAL E 1000.179];
	Duale Hochschule Baden-Württemberg Lörrach, <Lör 2> [Signatur: QP 362];
	Duale Hochschule Baden-Württemberg Karlsruhe <Ka 90>;
	},
}

@book{cialdini,
	title = {Die Psychologie des Überzeugens : ein Lehrbuch für alle, die ihren Mitmenschen und sich selbst auf die Schliche kommen wollen},
	series = {Psychologie Sachbuch},
	author = {Cialdini, Robert B.},
	address = {Bern},
	publisher = {Huber},
	year = {2006},
	edition = {4., korr. Aufl.},
	isbn = {3-456-84327-5},
	size = {367 S. : Ill.},
	keywords = {Überzeugung / Teilnehmende Beobachtung ; Beeinflussung / Teilnehmende Beobachtung},
	bestand = {Saarländische Universitäts- und Landesbibliothek <291> [Signatur: 2006-4204];
	Hochschule für Technik und Wirtschaft des Saarlandes, <Sa 16/1> [Signatur: 5.7. Cia];
	Universität Mannheim, Universitätsbibliothek <180>;
	Universitätsbibliothek Heidelberg <16> [Signatur: 2006 A 2210];
	Karlsruher Institut für Technologie (KIT) - KIT-Bibliothek <90> [Signatur: 2007 A 2436(4)];
	Hochschule Aalen <944> [Signatur: 159.9 Cia];
	Hochschule für Technik Stuttgart <1033> [Signatur: WY 7.2.009];
	Duale Hochschule Baden-Württemberg Mannheim <Mh 35> [Signatur: SOZ K 3000.11 (4)];
	Duale Hochschule Baden-Württemberg Villingen-Schwenningen <Vil 2> [Signatur: SC ga 126];
	Duale Hochschule Baden-Württemberg Ravensburg <Rav 1> [Signatur: AM 52];
	Max-Planck-Institut für Informatik <Sa 18>;
	},
	URL = {http://swbplus.bsz-bw.de/bsz251165922vlg.htm ; http://swbplus.bsz-bw.de/bsz251165922inh.htm},
}

@book{hadnagy,
	title = {Social Engineering enttarnt : [Sicherheitsrisiko Mensch]},
	author = {Hadnagy, Christopher},
	address = {Heidelberg},
	publisher = {mitp},
	year = {2014},
	edition = {1. Aufl.},
	isbn = {978-3-8266-9664-0},
	size = {238 S. : Ill. ; 210 mm x 148 mm},
	keywords = {Social Engineering <Sicherheit> / Nichtverbale Kommunikation / Faktor Mensch},
	note = { 201408},
	bestand = {Sächsische Landesbibliothek - Staats- und Universitätsbibliothek <14>;
	Karlsruher Institut für Technologie (KIT) - KIT-Bibliothek <90> [Signatur: 2014 A 3541];
	Universitätsbibliothek Stuttgart <93>;
	Hochschule Mannheim, Hochschulbibliothek <953> [Signatur: E IV 13168];
	Hochschule der Medien Stuttgart <958> [Signatur: Wcu 1];
	Hochschule Furtwangen, Hochschule für Technik und Wirtschaft <Fn 1>;
	},
	URL = {http://deposit.d-nb.de/cgi-bin/dokserv?id=4682812&prov=M&dok_var=1&dok_ext=htm},
}

@book{human-hacking,
	title = "Social engineering : the art of human hacking",
	author = "Hadnagy, Christopher",
	publisher = "John Wiley",
	address = "Hoboken, N.J. Wiley Chichester",
	url = "http://opac.inria.fr/record=b1133491",
	isbn = "978-0-470-63953-5",
	year = 2011
}

@Book{tauben-falken,
	address	= {New York},
	author	= {Dawkins, Richard},
	hard_copy?	= {Yes},
	keywords	= {1970s},
	publisher	= {Oxford University Press},
	title		= {The Selfish Gene},
	year		= {1976}
}

@Book{dunbar2010how,
	author = {Dunbar, R. I. M.},
	title = {How many friends does one person need? : Dunbar's number and other evolutionary quirks},
	publisher = {Faber and Faber},
	year = {2010},
	address = {London},
	isbn = {0571253423}
}

@book{duden, 
	title = {Duden -- Deutsches Universalwörterbuch}, 
	publisher = {Bibliographisches Institut}, 
	edition = {6}, 
	isbn = {3411055065}, 
	year = {2006}, 
	month = Oct, 
	address = {Mannheim}, 
	url = {http://www.duden.de/suche/detail.php?isbn=3-411-05506-5}, 
	quality = {5}, 
}

@book{grundlagen-der-kommunikation,
	title={Grundlagen der Kommunikation: Gespr{\"a}che effektiv gestalten},
	author={Plate, M.},
	isbn={9783825238551},
	series={Uni-Taschenb{\"u}cher S},
	url={http://books.google.de/books?id=jCFaLQG6cpcC},
	year={2013},
	publisher={UTB GmbH}
}

@book{mitnick2006kunst,
	title={Die Kunst der T{\"a}uschung: Risikofaktor Mensch},
	author={Mitnick, K.D. and Simon, W.L.},
	isbn={9783826615696},
	url={http://books.google.de/books?id=MUK5AUvM3-8C},
	year={2006},
	publisher={mitp}
}

@book{watzlawick,
	title={Menschliche Kommunikation: Formen, St{\"o}rungen, Paradoxien},
	author={Watzlawick, P. and Beavin, J. H. and Jackson, D. D.},
	year={2007},
	isbn={3456834578},
	publisher={Bern: H. Huber},
	edition={11},
	url={www.worldcat.org/search?q=isbn:3456834578}
}

@book{luhmann2000vertrauen,
	title={Vertrauen: ein Mechanismus der Reduktion sozialer Komplexit{\"a}t},
	author={Luhmann, N.},
	isbn={9783825221850},
	series={UTB Uni-Taschenb{\"u}cher},
	url={http://books.google.de/books?id=8nL8q\_8kcRUC},
	year={2000},
	publisher={UTB}
}
